@ARTICLE {zdroj1, title  = "Google Maps enters the indoor GPS market", journal = "Archinect news", month  = "Listopad", year   = "2012", note = "[cit. 2016-04-03]", url = "http://archinect.com/news/article/61312195/google-maps-enters-the-indoor-gps-market"}
@ARTICLE {zdroj2, title  = "Apple and Google Headed for an Indoor Location Services War", journal = "Pantently Apple", month  = "Srpen", year   = "2014", note = "[cit. 2016-04-03]", url = "http://www.patentlyapple.com/patently-apple/2014/08/apple-and-google-headed-for-an-indoor-location-services-war.html"}
@ARTICLE {zdroj3, title  = "Orientační schéma budovy Fsv", journal = "Web Fsv ČVUT", year   = "2010", note = "[cit. 2016-04-03]", url = "http://www.fsv.cvut.cz/svoc/2010/budova.jpg"}
@ARTICLE {zdroj4, title  = "Finding your way around our campus", journal = "Web FEL ČVUT", note = "[cit. 2016-04-03]", url = "http://www.fel.cvut.cz/en/glance/rooms.html"}
@ARTICLE {zdroj5, title  = "Bezbarierovy pohyb na Fakultě architektury", journal = " ELSA ČVUT", year   = "2015", note = "[cit. 2016-04-03]", url = "http://www.elsa.cvut.cz/\_media/files/FA\_WEB\_Elsa\_CVUT(1).pdf"}
 @misc{ zdroj6,
   author = "Wikipedia",
   title = "TomTom --- Wikipedia{,} The Free Encyclopedia",
   year = "2016",
   url = "https://en.wikipedia.org/w/index.php?title=TomTom&oldid=719674195",
   note = "[Online; accessed 01-May-2016]"
 }
@ARTICLE {zdroj6b, title  = "Indoor maps", journal = "Web společnosti TomTom ", note = "[cit. 2016-04-06]", url = "http://www.tomtom.com/en\_za/licensing/products/maps/indoor-maps/"}
@ARTICLE {zdroj7, journal = "Web společnosti Micello", note = "[cit. 2016-04-03]", url = "https://www.micello.com/company/our-story"}
@misc{ zdroj8,
   author = "Wikipedia",
   title = "Tele Atlas --- Wikipedia{,} The Free Encyclopedia",
   year = "2016",
   url = "https://en.wikipedia.org/w/index.php?title=Tele\_Atlas&oldid=713702420",
   note = "[Online; accessed 01-May-2016]"
 }
@ARTICLE {zdroj9, journal = "Web společnosti Here", note = "[cit. 2016-04-03]", url = "https://company.here.com/here/"}
@misc{ zdroj9b,
   author = "Wikipedia",
   title = "Here (company) --- Wikipedia{,} The Free Encyclopedia",
   year = "2016",
   url = "https://en.wikipedia.org/w/index.php?title=Here\_(company)&oldid=716846229",
   note = "[Online; accessed 01-May-2016]"
 }
@ARTICLE {zdroj10, title  = "NAVTEQ launches Destination Maps for indoor navigation", journal = "phoneArena", month  = "Březen", year   = "2011", note = "[cit. 2016-04-03]", url = "http://www.phonearena.com/news/NAVTEQ-launches-Destination-Maps-for-indoor-navigation\_id17680"}
@ARTICLE {zdroj11, title  = "Bing Maps venue maps now feature nine largest US malls, 148 total", journal = "Bing blogs", month  = "Březen", year   = "2011", note = "[cit. 2016-04-03]", url = "http://blogs.bing.com/maps/2011/03/22/bing-maps-venue-maps-now-feature-nine-largest-us-malls-148-total/"}
@ARTICLE {zdroj12, title  = "Uber Loses Bid For Nokia HERE Maps To German Car Makers", journal = "UberGizmo", month  = "Červenec", year   = "2015", note = "[cit. 2016-04-03]", url = "http://www.ubergizmo.com/2015/07/uber-loses-bid-for-nokia-here-maps-to-german-car-makers/"}
@ARTICLE {zdroj13, title  = "Indoor Navigation Market", journal = "Společnost BuildingLayer", month  = "Září", year   = "2013", note = "[cit. 2016-04-03]", url = "https://docs.google.com/spreadsheets/d/1NgoJHndqAJj8VWd9LQ89UDEsR59OMVecUwdl10rKul0/edit#gid=0"}
@ARTICLE {zdroj14, title  = "Ten Years of Google Maps, From Slashdot to Ground Truth", journal = "recode", month  = "Únor", year   = "2015", note = "[cit. 2016-04-08]", url = "http://recode.net/2015/02/08/ten-years-of-google-maps-from-slashdot-to-ground-truth/"}
@misc{ zdroj15,
   author = "Wikipedia",
   title = "Google Maps --- Wikipedia{,} The Free Encyclopedia",
   year = "2016",
   url = "https://en.wikipedia.org/w/index.php?title=Google\_Maps&oldid=718933629",
   note = "[Online; accessed 01-May-2016]"
 }
@ARTICLE {zdroj16, title  = "O službě Plány budov", journal = "Web společnosti Google", note = "[cit. 2016-04-08]", url = "https://www.google.com/maps/about/partners/indoormaps/"}
@ARTICLE {zdroj17, title  = "Dostupnost plánů budov", journal = "Nápověda ke Google Maps", note = "[cit. 2016-04-08]", url = "https://support.google.com/maps/answer/1685827"}
@ARTICLE {zdroj18, title  = "Apple’s survey app helps venues easily create indoor maps", journal = "The Verge", month  = "Listopad", year   = "2015", note = "[cit. 2016-04-08]", url = "http://www.theverge.com/2015/11/2/9657304/apple-indoor-mapping-survey-app"}
@ARTICLE {zdroj19, title  = "Apple Maps (Finally) Updates Satellite Imagery", journal = "Apple Maps Marketing", month  = "Srpen", year   = "2015", note = "[cit. 2016-04-08]", url = "http://applemapsmarketing.com/2015/08/apple-maps-finally-updates-satellite-imagery-for/"}
@ARTICLE {zdroj20, title  = "Why the indoors could be the next frontier for map-makers", journal = "CityMetric", month  = "Listopad", year   = "2015", note = "[cit. 2016-04-08]", url = "http://www.citymetric.com/horizons/why-indoors-could-be-next-frontier-map-makers-1559"}
@ARTICLE {zdroj21, title  = "Micello Completes Indoor Maps Integration with Indoo.rs", journal = "Web společnosti Micello", month  = "Únor", year   = "2016", note = "[cit. 2016-04-08]", url = "https://www.micello.com/micello-and-indoors-partnership-announcement"}
@ARTICLE {zdroj22, title  = "Micello and eeGeo Team Up For Interactive 3D Indoor Maps", journal = "https://www.micello.com/coverage", month  = "Únor", year   = "2016", note = "[cit. 2016-04-08]", url = "https://www.micello.com/micello-and-eegeo-partnership-announcement"}
@ARTICLE {zdroj23, title  = "Micello Coverage", journal = "https://www.micello.com/coverage", note = "[cit. 2016-04-08]", url = "https://www.micello.com/coverage"}

@article{zdroj24,
author = "Demetrios Zeinalipour-Yazti, Christos Laoudias, Kyriakos Georgiou and Georgios Chatzimiloudis",
title = "Internet-based Indoor Navigation Services",
journal ="IEEE Internet Computing",
series = "IC 16",
year = "2016",
publisher = "IEEE Press",
type = "journal",
infosite = "http://www.computer.org/portal/web/computingnow/internetcomputing",
durl="http://www.cs.ucy.ac.cy/~dzeina/papers/ic16-iin.pdf",
website = "http://anyplace.cs.ucy.ac.cy/",
projects = "anyplace, airplace, tvm"
},
@ARTICLE {zdroj25, title  = "Budova FA ČVUT", journal = "Webová aplikace Anyplace", note = "[cit. 2016-04-13]", url = "http://anyplace.cs.ucy.ac.cy/viewer/?buid=building\_b02743d3-9338-4cf6-b689-0450985aff36\_1461914709436"}
@ARTICLE {zdroj26, title  = "API tester", journal = "Web Anyplace", note = "[cit. 2016-04-13]", url = "http://anyplace.cs.ucy.ac.cy/developers/"}
@ARTICLE {zdroj27, title  = "Hroch, Michal. ČVUT Navigátor - Jádro datového serveru", journal = "Bakalářská práce", year   = "2013", note = "[cit. 2016-04-13]"}
@ARTICLE {zdroj28, title  = "The i-locate project fact sheet", journal = "Web I-locate", note = "[cit. 2016-04-13]", url = "http://www.i-locate.eu/fact-sheet/"}
@ARTICLE {zdroj29, title  = "Standard OGC® IndoorGML", journal = "OGC", month  = "Prosinec", year   = "2014", note = "[cit. 2016-04-13]", url = "http://www.opengeospatial.org/standards/indoorgml"}
@ARTICLE {zdroj30, title  = "The JOSM plugin for IndoorGML has been released by the i-locate consortium", journal = "I-locate", note = "[cit. 2016-04-13]", url = "http://www.i-locate.eu/the-josm-plugin-for-indoorgml-has-been-released-by-the-i-locate-consortium-2/"}
@ARTICLE {zdroj31, title  = "Google’s project tango", note = "[cit. 2016-04-13]", url = "https://www.google.com/atap/project-tango/"}
@ARTICLE {zdroj32, title  = "Google just showed me the future of indoor navigation", journal = "The Verge", month  = "Únor", year   = "2016", note = "[cit. 2016-04-19]", url = "http://www.theverge.com/2016/2/23/11094020/google-lenovo-project-tango-indoor-navigation"}
@ARTICLE {zdroj33, title  = "Pořádek ve zkratkách: co znamená A-GPS?", journal = "Navigovat", month  = "Duben", year   = "2010", note = "[cit. 2016-04-24]", url = "http://navigovat.mobilmania.cz/clanky/poradek-ve-zkratkach-co-znamena-a-gps/sc-265-a-1314495"}
 @misc{ zdroj34,
   author = "Wikipedia",
   title = "Wi-Fi positioning system --- Wikipedia{,} The Free Encyclopedia",
   year = "2016",
   url = "https://en.wikipedia.org/w/index.php?title=Wi-Fi\_positioning\_system&oldid=718896484",
   note = "[Online; accessed 01-May-2016]"
 }
@ARTICLE {zdroj35, title  = "FAQ", journal = "IndoorAtlas", note = "[cit. 2016-04-24]", url = "https://www.indooratlas.com/faq/"}
@misc{ zdroj36,
   author = "Wikipedia",
   title = "Dead reckoning --- Wikipedia{,} The Free Encyclopedia",
   year = "2016",
   url = "https://en.wikipedia.org/w/index.php?title=Dead\_reckoning&oldid=717970361",
   note = "[Online; accessed 01-May-2016]"
 }
@misc{ zdroj37,
   title = "Indoor Mapping --- OpenStreetMap Wiki{,} ",
   year = "2016",
   url = "http://wiki.openstreetmap.org/w/index.php?title=Indoor\_Mapping&oldid=1292837",
   note = "[Online; accessed 01-May-2016]"
 }
@ARTICLE {zdroj38, title  = "Indoor Localization without Infrastructure using the
Acoustic Background Spectrum", journal = "Tarzia, Dinda, Dick, Memick", note = "[cit. 2016-04-24]", url = "https://stevetarzia.com/papers/ABS\_mobisys.pdf"}
@misc{ zdroj39,

   title = "Stats --- OpenStreetMap Wiki{,} ",
   year = "2015",
   url = "http://wiki.openstreetmap.org/w/index.php?title=Stats&oldid=1231181",
   note = "[Online; accessed 01-May-2016]"
 }
@ARTICLE {zdroj40, title  = "Stránka využítí na OpenStreetMap.cz", journal = "Pavel Zbytovský", month  = "Únor", year   = "2016", note = "[cit. 2016-04-24]"}
@ARTICLE {zdroj41, title  = "Výpis z API a screenshot JOSM", journal = "Pavel Zbytovský", note = "[cit. 2016-04-24]", url = "http://api.openstreetmap.org/api/0.6/map?bbox=14.304,50.099,14.306,50.1"}
@ARTICLE {zdroj42, title  = "Download Metro Extractů", journal = "Mapzen", note = "[cit. 2016-04-24]", url = "https://mapzen.com/data/metro-extracts/"}
@ARTICLE {zdroj43, title  = "Download OSM dumpů", journal = "Geofabrik", note = "[cit. 2016-04-24]", url = "https://download.geofabrik.de/"}
@ARTICLE {zdroj44, title  = "Společný adresář vrstev pro editory OSM", journal = "GitHub", note = "[cit. 2016-04-24]", url = "https://github.com/osmlab/editor-layer-index"}
@ARTICLE {zdroj45, title  = "OpenStreetMap launches all-new easy map editor and announces funding appeal", journal = "Blog OSM", month  = "Květen", year   = "2013", note = "[cit. 2016-04-24]", url = "https://blog.openstreetmap.org/2013/05/07/openstreetmap-launches-all-new-easy-map-editor-and-announces-funding-appeal/"}
@misc{ zdroj46,

   title = "Challenges for Indoor Maps --- OpenStreetMap Wiki{,} ",
   year = "2014",
   url = "http://wiki.openstreetmap.org/w/index.php?title=Challenges\_for\_Indoor\_Maps&oldid=987674",
   note = "[Online; accessed 01-May-2016]"
 }
@ARTICLE {zdroj47, title  = "Obrázky k metodice Indoor", journal = "Uživatel saerdnaer", note = "[cit. 2016-04-27]", url = "wiki.osm.org/Proposed\_features/indoor"}
@ARTICLE {zdroj48, title  = "Extending OpenStreetMap to Indoor Environments: Bringing
Volunteered Geographic Information to the Next Level ", journal = "M. Goetz & A. Zipf", month  = "Červenec", year   = "2015", note = "[cit. 2016-04-27]", url = "http://koenigstuhl.geog.uni-heidelberg.de/publications/2011/Goetz/Goetz-Zipf\_2011\_IndoorOSM.pdf"}
@ARTICLE {zdroj49, title  = "Obrázky k metodice IndoorOSM", note = "[cit. 2016-04-27]", url = "wiki.osm.org/IndoorOSM"}
@ARTICLE {zdroj50, title  = "Relace type=building", journal = "Taginfo OSM", note = "[cit. 2016-04-27]", url = "https://taginfo.openstreetmap.org/relations/building"}




 @misc{ zdroj51,

   title = "Simple 3D buildings --- OpenStreetMap Wiki{,} ",
   year = "2016",
   url = "http://wiki.openstreetmap.org/w/index.php?title=Simple\_3D\_buildings&oldid=1292051",
   note = "[Online; accessed 01-May-2016]"
 }
@ARTICLE {zdroj52, title  = "Obrázky z metodiky Simple Indoor Tagging", journal = "OSM uživatel Peda", month  = "Záři", year   = "2014", note = "[cit. 2016-04-27]", url = "wiki.osm.org/Simple\_Indoor\_Tagging"}
@ARTICLE {zdroj53, title  = "Architektura editoru iD", journal = "GitHub", month  = "Únor", year   = "2016", note = "[cit. 2016-04-27]", url = "https://github.com/openstreetmap/iD/blob/master/ARCHITECTURE.md#core"}
@misc{ zdroj54,
   author = "Wikipedia",
   title = "Observer pattern --- Wikipedia{,} The Free Encyclopedia",
   year = "2016",
   url = "https://en.wikipedia.org/w/index.php?title=Observer\_pattern&oldid=718415385",
   note = "[Online; accessed 01-May-2016]"
 }
@ARTICLE {zdroj56, title  = "Screenshot pullrequestu", journal = "Pavel Zbytovský", note = "[cit. 2016-04-09]", url = "https://github.com/openstreetmap/iD/pull/3097"}




